% [1]
%%is missing author, volume, pages, doi
@article{campusM,
  title={Ex Libris campusM Mobile App Now Enhancing Student Engagement at 50 UK Campuses},
  journal={ProQuest},
  year={2017},
}
% [2]
%%is perfect
 @article{mob_ph_app_aca_lib,
    title={Mobile phone applications in academic library services: A Students' Feedback Survey},
    volume={23},
    DOI={10.1108/10650740610639723},
    journal={Campus-Wide Information Systems},
    author={Shahriza Abdul Karim, Nor and Hawa Darus, Siti and Hussin, Ramlah},
    year={2006},
    pages={35–51},
}

% [3]
%is missing, doi, volume, jounral
@article{NYU_Library,
    title={TwDoc offers instant access},
    pages={5},
    journal={Focus on Polyvinyl Chloride},
    year={2021},
}

% [4]
%%perfect 
 @article{saragossi_costello_kasten_2018,
    title={Mobile applications in academic libraries},
    volume={62}, 
    DOI={10.5860/lrts.62n4.198}, 
    journal={Library Resources &amp; Technical Services}, 
    author={Saragossi, Jamie and Costello, Laura and Kasten, Kathleen}, 
    year={2018}, 
    pages={198},
} 

% [5]
%%missing volume
@article{Mobile_App_Paradigms,
    author = {Huy, Ngu Phuc and vanThanh, Do},
    title = {Evaluation of Mobile App Paradigms},
    year = {2012},
    publisher = {Association for Computing Machinery},
    doi = {10.1145/2428955.2428968},
    journal = {Proceedings of the 10th International Conference on Advances in Mobile Computing & Multimedia - MoMM '12},
    pages = {25–30}
}
% [6]
%%this one is perfect
@article{misodi,
    author={Margam,Madhusudhan and Saleeq,Ahmad D.},
    year={2017},
    title={Mobile Information Services and Initiatives in University Libraries: A New Way of Delivering Information},
    journal={DESIDOC Journal of Library & Information Technology},
    volume={37},
    pages={109-118},
    url={http://ezproxy.wpi.edu/login?url=https://www-proquest-com.ezpv7-web-p-u01.wpi.edu/scholarly-journals/mobile-information-services-initiatives/docview/1908079697/se-2?accountid=29120},
    doi = {10.14429/djlit.37.2.11116}
}
% [7]
%%this one I cant even find, should probably be discarded
@article{MobiOne, 
    title = {MobiOne Developer 1.0 M4: Create App Store-ready Mobile Web Applications, Experience True Device Behavior on Windows}, 
    year = {2009}, 
}
% [8]
%%this one needs volume, it was not online
@article{Mobile_App_Ecosystem,
    author = {Wang, Haoyu and Liu, Zhe and Guo, Yao and Chen, Xiangqun and Zhang, Miao and Xu, Guoai and Hong, Jason},
    title = {An Explorative Study of the Mobile App Ecosystem from App Developers' Perspective},
    year = {2017},
    url = {https://doi-org.ezpv7-web-p-u01.wpi.edu/10.1145/3038912.3052712},
    doi = {10.1145/3038912.3052712},
    journal = {Proceedings of the 26th International Conference on World Wide Web},
    pages = {163–172}
}
% [9]
%%this one needs a volume
@article{MiningMobileApp, 
    author = {Sadeghi, Alireza and Esfahani, Naeem and Malek, Sam},
    title = {Mining Mobile App Markets for Prioritization of Security Assessment Effort},
    year = {2017},
    url = {https://doi.org/10.1145/3121264.3121265},
    doi = {10.1145/3121264.3121265},
    journal = {Proceedings of the 2nd ACM SIGSOFT International Workshop on App Market Analytics},
    pages = {1–7},
}
% [10]
%%this one needs a volume
@article{Challenges_in_Mobile_Apps,
    author = {Nagappan, Meiyappan and Shihab, Emad and Hassan, Ahmed E.},
    title = {Challenges in Mobile Apps: A Multi-Disciplinary Perspective},
    year = {2013},
    journal = {Proceedings of the 2013 Conference of the Center for Advanced Studies on Collaborative Research},
    pages = {378–381}
}
% [11]
%%this one is good
@article{undergrad_ma,
    author="Chen,Shih-chuan",
    year={2019},
    title={Undergraduate students use of mobile apps to search library catalogs},
    journal={Library Hi Tech},
    volume={37},
    pages={721-734},
    doi={10.1108/LHT-12-2018-0198}
}
% [12]
%%this one needs volume
@article{Test_Migration,
    author = {Behrang, Farnaz and Orso, Alessandro},
    title = {Automated Test Migration for Mobile Apps},
    year = {2018},
    doi = {10.1145/3183440.3195019},
    journal = {Proceedings of the 40th International Conference on Software Engineering: Companion Proceeedings},
    pages = {384–385}
}

% [13]
%%still needs volume
@article{FuzzyAndCross,
author = {Hu, Yongjian and Neamtiu, Iulian},
title = {Fuzzy and Cross-App Replay for Smartphone Apps},
year = {2016},
publisher = {Association for Computing Machinery},
url = {https://doi.org/10.1145/2896921.2896925},
doi = {10.1145/2896921.2896925},
journal = {Proceedings of the 11th International Workshop on Automation of Software Test},
pages = {50–56},
}

% [14]
%%this one is set
@article{design_and_impl,
author={Pu,Ying-Hung and Chiu,Po-Sheng and Chen,Tzung-Shi and Huang,Yueh-Min},
year={2015},
title={The design and implementation of a Mobile Library APP system},
journal={Library Hi Tech},
volume={33},
pages={15-31},
doi = {10.1108/lht-10-2014-0100},
url={http://ezproxy.wpi.edu/login?url=https://www-proquest-com.ezpv7-web-p-u01.wpi.edu/scholarly-journals/design-implementation-mobile-library-app-system/docview/1661305331/se-2?accountid=29120},
}
% [15]
%%this one is set
@article{pu_chiu_chen_huang_2015, 
title={The design and implementation of a Mobile Library App System}, 
volume={33}, 
doi={10.1108/lht-10-2014-0100}, 
journal={Library Hi Tech}, 
author={Pu, Ying-Hung and Chiu, Po-Sheng and Chen, Tzung-Shi and Huang, Yueh-Min}, year={2015}, 
pages={15–31}
} 
% [16]
%%this one is good
@article{mansouri_soleymani_asl_2019,
title={Assessing mobile application components in providing library services}, 
volume={37}, 
doi={10.1108/el-10-2018-0204}, 
journal={The Electronic Library}, 
author={Mansouri, Ali and Soleymani Asl, Nooshin}, 
year={2019}, 
pages={49–66}
}
% [17]
%%this one is good
@article{given_one,
title = {Undergraduate studentsuse of mobile apps to searchlibrary catalogs},
journal = {emeraldinsight},
author = {Shih-chuan Chen}, 
year = {2019},
pages = {721-735},
doi = {DOI 10.1108/LHT-12-2018-0198},
volume = {37}
}

% [18]
%%this one is all set
@article{Mobile_Apps_Between_Hong_Kong_and_Japan,
title = {Adoption of mobile library apps as learning tools in higher education:a tale between Hong Kongand Japan},
author = {Hiu Tung Yip, Karen and Lo, Patrick and K. W. Ho, Kevin and K. W. Chiu, Dickson},
year = {2020},
pages = {389 - 405},
DOI = {10.1108/OIR-07-2020-0287},
volume = {45}
}
% [19]
%%this one is all set
@article{Educational_Apps,
author = {Quispe, Benjamin Maraza and Casas, Luis Alfaro and Oviedo, Olga Alejandro and Quispe, Jose Herrera and Chavez, Crisia Vivanco and Pucho, Rolando Vilca and Choquehuayta, Angel and Joaqu\'{\i}n, Benedick Dominguez},
title = {Influence of the Use of Educational Apps on Smart Mobile Devices in the Academic Performance of Students},
year = {2018},
url = {https://doi-org.ezpv7-web-p-u01.wpi.edu/10.1145/3290511.3290541},
doi = {10.1145/3290511.3290541},
journal = {Proceedings of the 10th International Conference on Education Technology and Computers},
pages = {341–346},
}

% [20]
%%this one is all set
@article {given_four, 
title = {The Acceptance of Using Library Mobile Application of the Students at Faculty of Liberal Arts, Rajamangala University of TechnologyThanyaburi}, 
author = {Wannaya Chaloeyprach, Montchatry Ketmuni}, 
year = {2020}, 
pages = {1471 - 1477}, 
doi = {10.17762/pae.v58i1.931},
journal = {PSYCHOLOGY AND EDUCATION},
volume = {58}
}

% [21]
@articles {Reliability_modeling, 
title = {Reliability modeling of multi-version software system incorporating the impact of infected patching},
author = {A Anand, J Kaur, S Inoue}
volume = {37},
doi = {}10.1108/ijqrm-07-2019-0247},
year = {2020},
journal = {International Journal of Quality & Reliability Management},
pages = {1071 - 1085}
}


% [22]


% [23]


% [24]



% [25]


% [26]


% [27]


% [28]


% [29]


% [30]